<?xml version="1.0" encoding="UTF-8"?><record xmlns="http://www.loc.gov/MARC21/slim" xmlns:cinclude="http://apache.org/cocoon/include/1.0" xmlns:zs="http://www.loc.gov/zing/srw/">
  <leader>00620nz  a2200169n  4500</leader>
  <controlfield tag="001">no2012075775</controlfield>
  <controlfield tag="003">DLC</controlfield>
  <controlfield tag="005">20120602075308.0</controlfield>
  <controlfield tag="008">120531n| azannaabn          |n aaa     c</controlfield>
  <datafield tag="010" ind1=" " ind2=" ">
    <subfield code="a">no2012075775</subfield>
  </datafield>
  <datafield tag="035" ind1=" " ind2=" ">
    <subfield code="a">(OCoLC)oca09214069</subfield>
  </datafield>
  <datafield tag="040" ind1=" " ind2=" ">
    <subfield code="a">UPB</subfield>
    <subfield code="b">eng</subfield>
    <subfield code="c">UPB</subfield>
    <subfield code="e">rda</subfield>
  </datafield>
  <datafield tag="046" ind1=" " ind2=" ">
    <subfield code="f">1978</subfield>
  </datafield>
  <datafield tag="100" ind1="1" ind2=" ">
    <subfield code="a">Shimokawa, Kenichi,</subfield>
    <subfield code="d">1978-</subfield>
  </datafield>
  <datafield tag="373" ind1=" " ind2=" ">
    <subfield code="a">Brigham Young University</subfield>
  </datafield>
  <datafield tag="670" ind1=" " ind2=" ">
    <subfield code="a">A patient-focused psychotherapy quality assurance system, 2010:</subfield>
    <subfield code="b">title page (Kenichi Shimokawa, Thesis (Doctor of Philosophy)--Brigham Young University. Department of Psychology)</subfield>
  </datafield>
  <datafield tag="670" ind1=" " ind2=" ">
    <subfield code="a">UPB files, May 29, 2012</subfield>
    <subfield code="b">(Kenichi Shimokawa, born 1978)</subfield>
  </datafield>
</record>